<record><leader>00000cas a22000007a 4500</leader><controlfield tag="001">9613707</controlfield><controlfield tag="008">830616d18311832nyudn ne      0    0eng d</controlfield><controlfield tag="009">3781</controlfield><datafield ind1=" " ind2=" " tag="010"><subfield code="a">sn 83030652 </subfield></datafield><datafield ind1=" " ind2=" " tag="040"><subfield code="a">NPU</subfield><subfield code="b">eng</subfield><subfield code="c">NPU</subfield><subfield code="d">MGN</subfield></datafield><datafield ind1=" " ind2=" " tag="042"><subfield code="a">msc</subfield></datafield><datafield ind1="0" ind2=" " tag="130"><subfield code="a">New York Whig (New York, N.Y. : 1831 : Daily)</subfield></datafield><datafield ind1="0" ind2="0" tag="245"><subfield code="a">New York Whig.</subfield></datafield><datafield ind1="0" ind2="0" tag="246"><subfield code="a">New-York Whig</subfield></datafield><datafield ind1=" " ind2=" " tag="250"><subfield code="a">Daily ed.</subfield></datafield><datafield ind1=" " ind2=" " tag="260"><subfield code="a">New York [N.Y.] :</subfield><subfield code="b">L.D. Dewey &amp; Co.,</subfield></datafield><datafield ind1=" " ind2=" " tag="300"><subfield code="a">1 v. ;</subfield><subfield code="c">55 cm.</subfield></datafield><datafield ind1=" " ind2=" " tag="310"><subfield code="a">Daily (except Sun.)</subfield></datafield><datafield ind1="0" ind2=" " tag="362"><subfield code="a">Vol. 1, no. 1 (May 11, 1831)-v. 1, no. 310 (May 10, 1832).</subfield></datafield><datafield ind1=" " ind2=" " tag="500"><subfield code="a">Sometimes published as: New-York Whig.</subfield></datafield><datafield ind1=" " ind2=" " tag="500"><subfield code="a">Editors: Orville L. Holley; Henry D. Ward.</subfield></datafield><datafield ind1=" " ind2=" " tag="752"><subfield code="a">United States</subfield><subfield code="b">New York</subfield><subfield code="c">New York</subfield><subfield code="d">New York.</subfield></datafield><datafield ind1="0" ind2=" " tag="775"><subfield code="t">New York Whig (New York, N.Y. : 1831 : Semiweekly)</subfield><subfield code="w">(DLC)sn 83030653</subfield></datafield><datafield ind1="0" ind2=" " tag="775"><subfield code="t">New York Whig (New York, N.Y. : 1831 : Weekly)</subfield><subfield code="w">(DLC)sn 83030651</subfield></datafield></record>